@Article{Kock,
author="Anders Kock",
title="Strong functors and monoidal monads",
journal="Archiv der Mathematik",
year = 1972,
volume=23,
number=1,
pages = {113--120}
}
@inproceedings{Lucassen,
 author = {Lucassen, J. M. and Gifford, D. K.},
 title = {Polymorphic Effect Systems},
 booktitle = {POPL},
 publisher = {ACM},
 address = {New York, NY, USA},
 pages = {47--57},
 year = {1988}
} 
@inproceedings{Moggi,
  author = {Eugenio Moggi},
  title = {Computational Lambda-Calculus and Monads},
  booktitle = {LICS},
  year = {1989},
  publisher = {IEEE},
  address = {Piscataway, NJ, USA},
  pages = {14--23}
}
@techreport{Brookes,
author = "Stephen Brookes and Katheryn van Stone",
title = "Monads and Comonads in Intensional Semantics",
year = 1993,
url = "https://www.cs.cmu.edu/~brookes/papers/MonadsComonads.pdf",
institution = "Carnegie Mellon University Department of Computer Science",
number = "CMU-CS-93-140"
}
@techreport{JH,
  author = {Mark P. Jones and Paul Hudak},
  title = {Implicit and Explict Parallel Programming in Haskell},
  institution = {Yale University},
  year={1993}
}
@inproceedings{PJ,
  author = {Simon {Peyton Jones} and Philip Wadler},
  title = {Imperative Functional Programming},
  booktitle = {POPL},
  year = {1993}
}
@article{Nielson96,
  author = {Flemming Nielson},
  title = {Annotated Type and Effect Systems},
  journal = {ACM Computing Surveys},
  year = {1996}
}
@inproceedings{Wadler98,
  author = {Philip Wadler and Peter Thiemann},
  title = {The Marriage of Effects and Monads},
  booktitle = {ICFP},
  year = {1998}
}
@inproceedings{Filinski,
 author = {Filinski, Andrzej},
 title = {Representing Layered Monads},
 booktitle = {POPL},
 year = {1999}
} 
@proceedings{Olderog,
  editor    = {Ernst{-}R{\"{u}}diger Olderog and Bernhard Steffen},
  title     = {Correct System Design, Recent Insight and Advances, (to Hans Langmaack on the occasion of his retirement from his professorship at the University of Kiel)},
  series    = {Lecture Notes in Computer Science},
  volume    = {1710},
  publisher = {Springer},
  year      = {1999},
  isbn      = {3-540-66624-9},
  timestamp = {Mon, 29 Jul 2002 12:03:57 +0200},
  biburl    = {http://dblp.uni-trier.de/rec/bib/conf/birthday/1999langmaack},
  bibsource = {dblp computer science bibliography, http://dblp.org}
}
@inproceedings{Nielson,
  author    = {Flemming Nielson and Hanne Riis Nielson},
  title     = {Type and Effect Systems},
  booktitle = {Correct System Design, Recent Insight and Advances, (to Hans Langmaack on the occasion of his retirement from his professorship at the University of Kiel)},
  pages     = {114--136},
  year      = {1999},
  crossref  = {DBLP:conf/birthday/1999langmaack},
  url       = {http://dx.doi.org/10.1007/3-540-48092-7\_6},
  doi       = {10.1007/3-540-48092-7\_6},
  timestamp = {Mon, 20 Jun 2011 17:27:59 +0200},
  biburl    = {http://dblp.uni-trier.de/rec/bib/conf/birthday/NielsonN99},
  bibsource = {dblp computer science bibliography, http://dblp.org}
  }
@article{Hughes,
 author = {Hughes, John},
 title = {Generalising Monads to Arrows},
 journal = {The Science of Computer Programming},
 year = {2000}
} 
@inproceedings{Luth,
 author = {L\"{u}th, Christoph and Ghani, Neil},
 title = {Composing Monads Using Coproducts},
 booktitle = {ICFP},
 year = {2002}
} 
@article{PP,
  author = {Gordon  and John Power},
  title = {Algebraic Operations and Generic Effects},
  year = {2003},
  journal = {Applied Categorical Structures}
}
@article{Power,
  author = {Power, John and Watanabe, Hiroshi},
  journal = {Theoretical Computer Science},
  title = {{Combining a monad and a comonad}},
  year = {2002}
}
@article{Hyland,
 author = {Hyland, Martin and Plotkin, Gordon and Power, John},
 title = {Combining Effects: Sum and Tensor},
 journal = {Theoretical Computer Science},
 year = 2006
}
@article{HBLPP,
  author = {Martin Hyland and Paul {Blain Levy} and Gordon Plotkin and John Power},
  title = {Combining Algebraic Effects with Continuations},
  year = {2007},
  journal = {Theoretical Computer Science}
}
@article{PP08,
  author = {Gordon Plotkin and Matija Pretnar},
  title = {A Logic for Algebraic Effects},
  year = {2008},
  journal = {LICS}
}
@inproceedings{Uustalu,
  author = {Tarmo Uustalu and Varmo Vene},
  title = {Comonadic Notions of Computation},
  booktitle = {CMCS},
  year = {2008}
}
@article{Atkey,
 author = {Atkey, Robert},
 title = {Parameterised Notions of Computation},
 journal = {Journal of Functional Programming},
 volume = {19},
 number = {3-4},
 pages = {335-376},
 year = {2009}
} 
@inproceedings{Marino,
  author = {Daniel Marino and Todd Milstein},
  title = {A Generic Type-and-Effect System},
  booktitle = {TLDI},
  year = {2009}
}
@article{PP09,
  author = {Gordon Plotkin and Matija Pretnar},
  title = {Handlers of Algebraic Effects},
  year = {2009},
  journal = {ESOP}
}
@phdthesis{Pretnar,
  author = {Matija Pretnar},
  title = {The Logic and Handling of Algebraic Effects},
  school = {School of Informatics, The University of Edinburgh},
  year = {2010}
}
@inproceedings{Petricek12,
  author={Tomas Petricek and Dominic Orchard and Alan Mycroft},
  title={Coeffects: Unified Static Analysis of Context Dependence},
  booktitle={ICALP},
  year={2012}
}
@Inbook{Orchard,
author="Dominic Orchard and Alan Mycroft",
chapter="A Notation for Comonads",
title="Implementation and Application of Functional Languages",
year=2013,
publisher="Springer Berlin Heidelberg",
}
@inproceedings{Tate,
  author = {Ross Tate},
  title = {The Sequential Semantics of Producer Effect Systems},
  booktitle = {POPL},
  year = {2013}
}
@inproceedings{HBGLS,
  author = {Michael Hicks and Gavin Bierman and Nataliya Guts and Daan Leijen and Nikhil Swamy},
  title = {Polymonadic Programming},
  year = {2014},
  booktitle = {MSFP}
}
@inproceedings{Katsumata,
  author = "{Shin-ya} Katsumata",
  title = "Parametric Effect Monads and Semantics of Effect Systems",
  year = 2014,
  booktitle = "POPL"
}
@inproceedings{Petricek14,
  author={Tomas Petricek and Dominic Orchard and Alan Mycroft},
  title={Coeffects: A Calculus of Context-Dependent Computation},
  booktitle={ICFP},
  year={2014}
}
@article{ACU,
  author={Thorsten Altenkirch and James Chapman and Tarmo Uustalu},
  title={Monads Need Not Be Endofunctors},
  journal={Logical Methods in Computer Science},
  year={2015}
}
@article{BP,
  author = {Andrej Bauer and Matija Pretnar},
  title = {Programming with Algebraic Effects and Handlers},
  journal = {Journal of Logical and Algebraic Methods in Programming},
  year = {2015}
}
