@techreport{Hirsch,
  author = {Andrew K. Hirsch and Ross Tate},
  title = {Strict and Lazy Semantics for Effects: Layering Monads and Comonads},
  year = 2017,
  institution = "Cornell University Department of Computer Science"
}

@inproceedings{Gaboardi,
  author={Marco Gaboardi and {Shin-ya} Katsumata and Dominic Orchard and Flavien Breuvart and Tarmo Uustalu},
  title= {Combining Effects and Coeffects via Grading},
  booktitle={ICFP},
  year=2016
}

@inproceedings{Brunel,
  author = {Alo{\"{i}}s Brunel and Marco Gaboardi and Damiano Mezza and Steve Zdancewic},
  title  = {A Core Quantitative Coeffect Calculus},
  booktitle = {ESOP},
  year = {2014}
}
